<collection>
<record>
<leader>10564cpcaa22018137i 4500</leader>
<controlfield tag="001">17971673</controlfield>
<controlfield tag="005">20210608132906.0</controlfield>
<controlfield tag="008">131213i19071969xx eng </controlfield>
<datafield ind1=" " ind2=" " tag="906">
<subfield code="a">7</subfield>
<subfield code="b">cbc</subfield>
<subfield code="c">orignew</subfield>
<subfield code="d">u</subfield>
<subfield code="e">ncip</subfield>
<subfield code="f">20</subfield>
<subfield code="g">y-folklife</subfield>
</datafield>
<datafield ind1=" " ind2=" " tag="955">
<subfield code="a">mkru 2013-12-13</subfield>
<subfield code="a">kste 2014-09-08</subfield>
<subfield code="a">mkru 2014-09-10</subfield>
<subfield code="a">mkru 2015-09-01</subfield>
<subfield code="a">mkru 2016-12-20</subfield>
<subfield code="a">masmit 2020-06-01</subfield>
<subfield code="a">masmit 2021-06-08</subfield>
</datafield>
<datafield ind1=" " ind2=" " tag="010">
<subfield code="a"> 2013655524</subfield>
</datafield>
<datafield ind1=" " ind2=" " tag="040">
<subfield code="a">DLC</subfield>
<subfield code="b">eng</subfield>
<subfield code="e">dacs</subfield>
<subfield code="c">DLC</subfield>
<subfield code="d">DLC</subfield>
</datafield>
<datafield ind1=" " ind2=" " tag="043">
<subfield code="a">n-us---</subfield>
</datafield>
<datafield ind1=" " ind2=" " tag="090">
<subfield code="a">AFC 1933/001</subfield>
</datafield>
<datafield ind1="0" ind2="0" tag="245">
<subfield code="a">John A. Lomax and Alan Lomax papers,</subfield>
<subfield code="f">1907-1969</subfield>
<subfield code="g">(bulk 1932-1942).</subfield>
</datafield>
<datafield ind1=" " ind2=" " tag="300">
<subfield code="a">4900</subfield>
<subfield code="f">items.</subfield>
</datafield>
<datafield ind1=" " ind2=" " tag="300">
<subfield code="3">manuscripts</subfield>
<subfield code="a">436</subfield>
<subfield code="f">folders.</subfield>
</datafield>
<datafield ind1=" " ind2=" " tag="300">
<subfield code="a">5.6 linear feet.</subfield>
</datafield>
<datafield ind1=" " ind2=" " tag="300">
<subfield code="a">14 boxes.</subfield>
</datafield>
<datafield ind1=" " ind2=" " tag="520">
<subfield code="a">
Collection of correspondence, research notes, transcripts, sheet music, manuscript music transcriptions, song texts, song books, maps, and administrative documents dating primarily from the tenure of John A. Lomax and his son Alan Lomax at the Archive of American Folk Song, Library of Congress, from 1932-1942, but with a few items dating to the 1960s. Correspondents include various staff at the Library of Congress, in particular, Harold Spivacke; and folklorists, musicians, writers, academics, film directors, and others, including Lead Belly and Woody Guthrie; various government agencies including the Works Progress Administration, Federal Writers' Project, and War Department; broadcasting and record companies; publishers; and fans of Alan Lomax's radio shows, who sent in contributions of folk songs and folklore from their childhood and communities. Documents include drafts of speeches, lectures, articles, and drafts of their books for publication.
</subfield>
</datafield>
<datafield ind1="8" ind2=" " tag="524">
<subfield code="a">
John A. Lomax and Alan Lomax papers (AFC 1933/001), Archive of Folk Culture, American Folklife Center, Library of Congress, Washington, D.C.
</subfield>
</datafield>
<datafield ind1="0" ind2=" " tag="506">
<subfield code="a">
Collection is open for research. To request materials, please contact the Folklife Reading Room at http://hdl.loc.gov/loc.afc/folklife.contact
</subfield>
</datafield>
<datafield ind1=" " ind2=" " tag="540">
<subfield code="a">
Duplication of collection materials may be governed by copyright and other restrictions.
</subfield>
</datafield>
<datafield ind1=" " ind2=" " tag="541">
<subfield code="a">Accessioned beginning in</subfield>
<subfield code="d">1932-1942.</subfield>
</datafield>
<datafield ind1=" " ind2=" " tag="544">
<subfield code="n">
Related manuscripts are found in the Alan Lomax Collection (AFC 2004/004) which was acquired by the American Folklife Center in 2004. Field recordings collected by John A. and Alan Lomax from 1932-1942 for the Library of Congress are cataloged separately as individual field collections.
</subfield>
</datafield>
<datafield ind1=" " ind2=" " tag="546">
<subfield code="a">In English.</subfield>
</datafield>
<datafield ind1="0" ind2=" " tag="555">
<subfield code="a">
Finding aid is available in the Folklife Reading Room Library of Congress and online
</subfield>
<subfield code="u">http://hdl.loc.gov/loc.afc/eadafc.af014004</subfield>
</datafield>
<datafield ind1="1" ind2="0" tag="600">
<subfield code="a">Lomax, Alan,</subfield>
<subfield code="d">1915-2002</subfield>
<subfield code="v">Correspondence.</subfield>
</datafield>
<datafield ind1="1" ind2="0" tag="600">
<subfield code="a">Lomax, John A.</subfield>
<subfield code="q">(John Avery),</subfield>
<subfield code="d">1867-1948</subfield>
<subfield code="v">Correspondence.</subfield>
</datafield>
<datafield ind1="1" ind2="0" tag="600">
<subfield code="a">Alsberg, Henry G.</subfield>
<subfield code="q">(Henry Garfield),</subfield>
<subfield code="d">1881-1970</subfield>
<subfield code="v">Correspondence.</subfield>
</datafield>
<datafield ind1="1" ind2="0" tag="600">
<subfield code="a">Archibald, Raymond Clare,</subfield>
<subfield code="d">1875-1955</subfield>
<subfield code="v">Correspondence.</subfield>
</datafield>
<datafield ind1="1" ind2="0" tag="600">
<subfield code="a">Baker, James "Iron Head"</subfield>
<subfield code="v">Correspondence.</subfield>
</datafield>
<datafield ind1="1" ind2="0" tag="600">
<subfield code="a">Ball, E. C.</subfield>
<subfield code="q">(Estil Cortez),</subfield>
<subfield code="d">1913-1978</subfield>
<subfield code="v">Correspondence.</subfield>
</datafield>
<datafield ind1="1" ind2="0" tag="600">
<subfield code="a">Barnicle, Mary Elizabeth,</subfield>
<subfield code="d">1891-1978</subfield>
<subfield code="v">Correspondence.</subfield>
</datafield>
<datafield ind1="1" ind2="0" tag="600">
<subfield code="a">Bayard, Samuel Preston</subfield>
<subfield code="v">Correspondence.</subfield>
</datafield>
<datafield ind1="1" ind2="0" tag="600">
<subfield code="a">Beckwith, Martha Warren,</subfield>
<subfield code="d">1871-1959</subfield>
<subfield code="v">Correspondence.</subfield>
</datafield>
<datafield ind1="1" ind2="0" tag="600">
<subfield code="a">Beckworth, Lindley</subfield>
<subfield code="v">Correspondence.</subfield>
</datafield>
<datafield ind1="1" ind2="0" tag="600">
<subfield code="a">Bedichek, Roy,</subfield>
<subfield code="d">1878-1959</subfield>
<subfield code="v">Correspondence.</subfield>
</datafield>
<datafield ind1="1" ind2="0" tag="600">
<subfield code="a">Belden, Henry Marvin,</subfield>
<subfield code="d">1865-1954</subfield>
<subfield code="v">Correspondence.</subfield>
</datafield>
<datafield ind1="1" ind2="0" tag="600">
<subfield code="a">Benton, Thomas Hart,</subfield>
<subfield code="d">1782-1858</subfield>
<subfield code="v">Correspondence.</subfield>
</datafield>
<datafield ind1="1" ind2="0" tag="600">
<subfield code="a">Blitzstein, Marc</subfield>
<subfield code="v">Correspondence.</subfield>
</datafield>
<datafield ind1="1" ind2="0" tag="600">
<subfield code="a">Boatright, Mody C.</subfield>
<subfield code="q">(Mody Coggin),</subfield>
<subfield code="d">1896-1970</subfield>
<subfield code="v">Correspondence.</subfield>
</datafield>
<datafield ind1="1" ind2="0" tag="600">
<subfield code="a">Boggs, Ralph Steele,</subfield>
<subfield code="d">1901-1994</subfield>
<subfield code="v">Correspondence.</subfield>
</datafield>
<datafield ind1="1" ind2="0" tag="600">
<subfield code="a">Bond, Horace Mann,</subfield>
<subfield code="d">1904-1972</subfield>
<subfield code="v">Correspondence.</subfield>
</datafield>
<datafield ind1="1" ind2="0" tag="600">
<subfield code="a">Botkin, Benjamin Albert,</subfield>
<subfield code="d">1901-1975</subfield>
<subfield code="v">Correspondence.</subfield>
</datafield>
<datafield ind1="1" ind2="0" tag="600">
<subfield code="a">Boulton, Laura,</subfield>
<subfield code="d">1899-1980</subfield>
<subfield code="v">Correspondence.</subfield>
</datafield>
<datafield ind1="1" ind2="0" tag="600">
<subfield code="a">Brewster, Paul G.</subfield>
<subfield code="v">Correspondence.</subfield>
</datafield>
<datafield ind1="1" ind2="0" tag="600">
<subfield code="a">Brown, Sterling A.,</subfield>
<subfield code="d">1901-1989</subfield>
<subfield code="v">Correspondence.</subfield>
</datafield>
<datafield ind1="1" ind2="0" tag="600">
<subfield code="a">Buchanan, Annabel Morris,</subfield>
<subfield code="d">1888-1983</subfield>
<subfield code="v">Correspondence.</subfield>
</datafield>
<datafield ind1="1" ind2="0" tag="600">
<subfield code="a">Campa, Arthur L.</subfield>
<subfield code="q">(Arthur Leon),</subfield>
<subfield code="d">1905-1978</subfield>
<subfield code="v">Correspondence.</subfield>
</datafield>
<datafield ind1="1" ind2="0" tag="600">
<subfield code="a">Campbell, Olive D.</subfield>
<subfield code="q">(Olive Dame),</subfield>
<subfield code="d">1882-1954</subfield>
<subfield code="v">Correspondence.</subfield>
</datafield>
<datafield ind1="1" ind2="0" tag="600">
<subfield code="a">Carlisle, Irene Jones</subfield>
<subfield code="v">Correspondence.</subfield>
</datafield>
<datafield ind1="1" ind2="0" tag="600">
<subfield code="a">Carneal, Robert B.</subfield>
<subfield code="v">Correspondence.</subfield>
</datafield>
<datafield ind1="1" ind2="0" tag="600">
<subfield code="a">Chase, Richard,</subfield>
<subfield code="d">1904-1988</subfield>
<subfield code="v">Correspondence.</subfield>
</datafield>
<datafield ind1="1" ind2="0" tag="600">
<subfield code="a">Clapp, Verner W.</subfield>
<subfield code="q">(Verner Warren),</subfield>
<subfield code="d">1901-1972</subfield>
<subfield code="v">Correspondence.</subfield>
</datafield>
<datafield ind1="1" ind2="0" tag="600">
<subfield code="a">Colcord, Joanna C.</subfield>
<subfield code="q">(Joanna Carver),</subfield>
<subfield code="d">1882-1960</subfield>
<subfield code="v">Correspondence.</subfield>
</datafield>
<datafield ind1="1" ind2="0" tag="600">
<subfield code="a">Collins, Fletcher,</subfield>
<subfield code="c">Jr.,</subfield>
<subfield code="d">1906-2005</subfield>
<subfield code="v">Correspondence.</subfield>
</datafield>
<datafield ind1="1" ind2="0" tag="600">
<subfield code="a">Combs, Josiah Henry,</subfield>
<subfield code="d">1886-1960</subfield>
<subfield code="v">Correspondence.</subfield>
</datafield>
<datafield ind1="1" ind2="0" tag="600">
<subfield code="a">Cooke, Alistair,</subfield>
<subfield code="d">1908-2004</subfield>
<subfield code="v">Correspondence.</subfield>
</datafield>
<datafield ind1="1" ind2="0" tag="600">
<subfield code="a">Coolidge, Elizabeth Sprague,</subfield>
<subfield code="d">1864-1953</subfield>
<subfield code="v">Correspondence.</subfield>
</datafield>
<datafield ind1="1" ind2="0" tag="600">
<subfield code="a">Cowell, Sidney Robertson,</subfield>
<subfield code="d">1903-1995</subfield>
<subfield code="v">Correspondence.</subfield>
</datafield>
<datafield ind1="1" ind2="0" tag="600">
<subfield code="a">Cox, John Harrington,</subfield>
<subfield code="d">1863-1945</subfield>
<subfield code="v">Correspondence.</subfield>
</datafield>
<datafield ind1="1" ind2="0" tag="600">
<subfield code="a">Creighton, Helen,</subfield>
<subfield code="d">1899-1989</subfield>
<subfield code="v">Correspondence.</subfield>
</datafield>
<datafield ind1="1" ind2="0" tag="600">
<subfield code="a">Densmore, Frances,</subfield>
<subfield code="d">1867-1957</subfield>
<subfield code="v">Correspondence.</subfield>
</datafield>
<datafield ind1="1" ind2="0" tag="600">
<subfield code="a">Dobie, J. Frank</subfield>
<subfield code="q">(James Frank),</subfield>
<subfield code="d">1888-1964</subfield>
<subfield code="v">Correspondence.</subfield>
</datafield>
<datafield ind1="1" ind2="0" tag="600">
<subfield code="a">Downes, Olin,</subfield>
<subfield code="d">1886-1955</subfield>
<subfield code="v">Correspondence.</subfield>
</datafield>
<datafield ind1="1" ind2="0" tag="600">
<subfield code="a">Engel, Carl,</subfield>
<subfield code="d">1883-1944</subfield>
<subfield code="v">Correspondence.</subfield>
</datafield>
<datafield ind1="1" ind2="0" tag="600">
<subfield code="a">Emrich, Duncan,</subfield>
<subfield code="d">1908-1977</subfield>
<subfield code="v">Correspondence.</subfield>
</datafield>
<datafield ind1="1" ind2="0" tag="600">
<subfield code="a">Evans, Luther Harris,</subfield>
<subfield code="d">1902-1981</subfield>
<subfield code="v">Correspondence.</subfield>
</datafield>
<datafield ind1="1" ind2="0" tag="600">
<subfield code="a">Evanson, Jacob A.</subfield>
<subfield code="q">(Jacob Arthur),</subfield>
<subfield code="d">1899-1994</subfield>
<subfield code="v">Correspondence.</subfield>
</datafield>
<datafield ind1="1" ind2="0" tag="600">
<subfield code="a">Faulk, John Henry</subfield>
<subfield code="v">Correspondence.</subfield>
</datafield>
<datafield ind1="1" ind2="0" tag="600">
<subfield code="a">Finger, Charles Joseph,</subfield>
<subfield code="d">1869-1941</subfield>
<subfield code="v">Correspondence.</subfield>
</datafield>
<datafield ind1="1" ind2="0" tag="600">
<subfield code="a">Flanders, Helen Hartness,</subfield>
<subfield code="d">1890-1972</subfield>
<subfield code="v">Correspondence.</subfield>
</datafield>
<datafield ind1="1" ind2="0" tag="600">
<subfield code="a">Garwick, Walter C.</subfield>
<subfield code="v">Correspondence.</subfield>
</datafield>
<datafield ind1="1" ind2="0" tag="600">
<subfield code="a">Geer, Will</subfield>
<subfield code="v">Correspondence.</subfield>
</datafield>
<datafield ind1="1" ind2="0" tag="600">
<subfield code="a">Gladden, Texas,</subfield>
<subfield code="d">1895-1966</subfield>
<subfield code="v">Correspondence.</subfield>
</datafield>
<datafield ind1="1" ind2="0" tag="600">
<subfield code="a">Greene, Felix</subfield>
<subfield code="v">Correspondence.</subfield>
</datafield>
<datafield ind1="1" ind2="0" tag="600">
<subfield code="a">Grover, Carrie B.,</subfield>
<subfield code="d">1979-1959</subfield>
<subfield code="v">Correspondence.</subfield>
</datafield>
<datafield ind1="1" ind2="0" tag="600">
<subfield code="a">Guthrie, Woody,</subfield>
<subfield code="d">1912-1967</subfield>
<subfield code="v">Correspondence.</subfield>
</datafield>
<datafield ind1="1" ind2="0" tag="600">
<subfield code="a">Halpert, Herbert,</subfield>
<subfield code="d">1911-2000</subfield>
<subfield code="v">Correspondence.</subfield>
</datafield>
<datafield ind1="1" ind2="0" tag="600">
<subfield code="a">Hammond, John,</subfield>
<subfield code="d">1910-1987</subfield>
<subfield code="v">Correspondence.</subfield>
</datafield>
<datafield ind1="1" ind2="0" tag="600">
<subfield code="a">Hanley, Miles L.</subfield>
<subfield code="v">Correspondence.</subfield>
</datafield>
<datafield ind1="1" ind2="0" tag="600">
<subfield code="a">Hawes, Bess Lomax,</subfield>
<subfield code="d">1921-2009</subfield>
<subfield code="v">Correspondence.</subfield>
</datafield>
<datafield ind1="1" ind2="0" tag="600">
<subfield code="a">Hays, Lee,</subfield>
<subfield code="d">1914-1981</subfield>
<subfield code="v">Correspondence.</subfield>
</datafield>
<datafield ind1="1" ind2="0" tag="600">
<subfield code="a">Henry, Sam,</subfield>
<subfield code="d">1878-</subfield>
<subfield code="v">Correspondence.</subfield>
</datafield>
<datafield ind1="1" ind2="0" tag="600">
<subfield code="a">Herzog, George,</subfield>
<subfield code="d">1901-1983</subfield>
<subfield code="v">Correspondence.</subfield>
</datafield>
<datafield ind1="1" ind2="0" tag="600">
<subfield code="a">Hickerson, Joseph C.</subfield>
<subfield code="q">(Joseph Charles),</subfield>
<subfield code="d">1935-</subfield>
<subfield code="v">Correspondence.</subfield>
</datafield>
<datafield ind1="1" ind2="0" tag="600">
<subfield code="a">Hurston, Zora Neale</subfield>
<subfield code="v">Correspondence.</subfield>
</datafield>
<datafield ind1="1" ind2="0" tag="600">
<subfield code="a">Ives, Burl,</subfield>
<subfield code="d">1909-1995</subfield>
<subfield code="v">Correspondence.</subfield>
</datafield>
<datafield ind1="1" ind2="0" tag="600">
<subfield code="a">James, Willis,</subfield>
<subfield code="d">1900-1966</subfield>
<subfield code="v">Correspondence.</subfield>
</datafield>
<datafield ind1="1" ind2="0" tag="600">
<subfield code="a">Keating, Edward,</subfield>
<subfield code="d">1875-1965</subfield>
<subfield code="v">Correspondence.</subfield>
</datafield>
<datafield ind1="1" ind2="0" tag="600">
<subfield code="a">Kittredge, George Lyman,</subfield>
<subfield code="d">1860-1941</subfield>
<subfield code="v">Correspondence.</subfield>
</datafield>
<datafield ind1="1" ind2="0" tag="600">
<subfield code="a">Korson, George Gershon,</subfield>
<subfield code="d">1899-1967</subfield>
<subfield code="v">Correspondence.</subfield>
</datafield>
<datafield ind1="1" ind2="0" tag="600">
<subfield code="a">Korson, Rae</subfield>
<subfield code="v">Correspondence.</subfield>
</datafield>
<datafield ind1="1" ind2="0" tag="600">
<subfield code="a">Leadbelly,</subfield>
<subfield code="d">1885-1949</subfield>
<subfield code="v">Correspondence.</subfield>
</datafield>
<datafield ind1="1" ind2="0" tag="600">
<subfield code="a">Lomax, Bess Brown,</subfield>
<subfield code="d">1880-1931</subfield>
<subfield code="v">Correspondence.</subfield>
</datafield>
<datafield ind1="1" ind2="0" tag="600">
<subfield code="a">Lomax, John A.,</subfield>
<subfield code="c">Jr.</subfield>
<subfield code="q">(John Avery),</subfield>
<subfield code="d">1907-1974</subfield>
<subfield code="v">Correspondence.</subfield>
</datafield>
<datafield ind1="1" ind2="0" tag="600">
<subfield code="a">Lomax, Ruby T.</subfield>
<subfield code="q">(Ruby Terrill)</subfield>
<subfield code="v">Correspondence.</subfield>
</datafield>
<datafield ind1="1" ind2="0" tag="600">
<subfield code="a">Losey, Joseph</subfield>
<subfield code="x">Correspondence.</subfield>
</datafield>
<datafield ind1="1" ind2="0" tag="600">
<subfield code="a">MacGimsey, Robert,</subfield>
<subfield code="d">1898-1979</subfield>
<subfield code="v">Correspondence.</subfield>
</datafield>
<datafield ind1="1" ind2="0" tag="600">
<subfield code="a">MacGowan, Clara,</subfield>
<subfield code="d">1895-1983</subfield>
<subfield code="v">Correspondence.</subfield>
</datafield>
<datafield ind1="1" ind2="0" tag="600">
<subfield code="a">MacLeish, Archibald,</subfield>
<subfield code="d">1892-1982</subfield>
<subfield code="v">Correspondence.</subfield>
</datafield>
<datafield ind1="1" ind2="0" tag="600">
<subfield code="a">Mahon, George Herman,</subfield>
<subfield code="d">1900-1985</subfield>
<subfield code="v">Correspondence.</subfield>
</datafield>
<datafield ind1="1" ind2="0" tag="600">
<subfield code="a">Miller, Olive Beaupré</subfield>
<subfield code="v">Correspondence.</subfield>
</datafield>
<datafield ind1="1" ind2="0" tag="600">
<subfield code="a">Morris, Alton C.</subfield>
<subfield code="q">(Alton Chester),</subfield>
<subfield code="d">1903-1979</subfield>
<subfield code="v">Correspondence.</subfield>
</datafield>
<datafield ind1="1" ind2="0" tag="600">
<subfield code="a">Newman, Katharine D.,</subfield>
<subfield code="d">1911-2001</subfield>
<subfield code="v">Correspondence.</subfield>
</datafield>
<datafield ind1="1" ind2="0" tag="600">
<subfield code="a">Niles, John Jacob,</subfield>
<subfield code="d">1892-1980</subfield>
<subfield code="v">Correspondence.</subfield>
</datafield>
<datafield ind1="1" ind2="0" tag="600">
<subfield code="a">Nye, Pearl R.,</subfield>
<subfield code="d">1872-1950</subfield>
<subfield code="v">Correspondence.</subfield>
</datafield>
<datafield ind1="1" ind2="0" tag="600">
<subfield code="a">Paley, William S.</subfield>
<subfield code="q">(William Samuel),</subfield>
<subfield code="d">1901-1990</subfield>
<subfield code="v">Correspondence.</subfield>
</datafield>
<datafield ind1="1" ind2="0" tag="600">
<subfield code="a">Park, Willard Z.</subfield>
<subfield code="q">(Willard Zerbe),</subfield>
<subfield code="d">1906-1965</subfield>
<subfield code="v">Correspondence.</subfield>
</datafield>
<datafield ind1="1" ind2="0" tag="600">
<subfield code="a">Pírková-Jakobsonová, Svatava</subfield>
<subfield code="v">Correspondence.</subfield>
</datafield>
<datafield ind1="1" ind2="0" tag="600">
<subfield code="a">Putnam, Herbert,</subfield>
<subfield code="d">1861-1955</subfield>
<subfield code="v">Correspondence.</subfield>
</datafield>
<datafield ind1="1" ind2="0" tag="600">
<subfield code="a">Rael, Juan Bautista</subfield>
<subfield code="v">Correspondence.</subfield>
</datafield>
<datafield ind1="1" ind2="0" tag="600">
<subfield code="a">Randolph, Vance,</subfield>
<subfield code="d">1892-1980</subfield>
<subfield code="v">Correspondence.</subfield>
</datafield>
<datafield ind1="1" ind2="0" tag="600">
<subfield code="a">Ray, Nicholas,</subfield>
<subfield code="d">1911-1979</subfield>
<subfield code="v">Correspondence.</subfield>
</datafield>
<datafield ind1="1" ind2="0" tag="600">
<subfield code="a">Rickard, J. A.</subfield>
<subfield code="q">(John Allison),</subfield>
<subfield code="d">1892-</subfield>
<subfield code="v">Correspondence.</subfield>
</datafield>
<datafield ind1="1" ind2="0" tag="600">
<subfield code="a">Robinson, Earl,</subfield>
<subfield code="d">1910-1991</subfield>
<subfield code="v">Correspondence.</subfield>
</datafield>
<datafield ind1="1" ind2="0" tag="600">
<subfield code="a">Sandburg, Carl,</subfield>
<subfield code="d">1878-1967</subfield>
<subfield code="v">Correspondence.</subfield>
</datafield>
<datafield ind1="1" ind2="0" tag="600">
<subfield code="a">Seeger, Charles,</subfield>
<subfield code="d">1886-1979</subfield>
<subfield code="v">Correspondence.</subfield>
</datafield>
<datafield ind1="1" ind2="0" tag="600">
<subfield code="a">Seeger, Mike,</subfield>
<subfield code="d">1933-2009</subfield>
<subfield code="v">Correspondence.</subfield>
</datafield>
<datafield ind1="1" ind2="0" tag="600">
<subfield code="a">Seeger, Ruth Crawford,</subfield>
<subfield code="d">1901-1953</subfield>
<subfield code="v">Correspondence.</subfield>
</datafield>
<datafield ind1="1" ind2="0" tag="600">
<subfield code="a">Smith, Henry Nash</subfield>
<subfield code="v">Correspondence.</subfield>
</datafield>
<datafield ind1="1" ind2="0" tag="600">
<subfield code="a">Smith, Carleton Sprague,</subfield>
<subfield code="d">1905-1994</subfield>
<subfield code="v">Correspondence.</subfield>
</datafield>
<datafield ind1="1" ind2="0" tag="600">
<subfield code="a">Spivacke, Harold,</subfield>
<subfield code="d">1904-1977</subfield>
<subfield code="v">Correspondence.</subfield>
</datafield>
<datafield ind1="1" ind2="0" tag="600">
<subfield code="a">Strunk, W. Oliver</subfield>
<subfield code="q">(William Oliver),</subfield>
<subfield code="d">1901-1980</subfield>
<subfield code="v">Correspondence.</subfield>
</datafield>
<datafield ind1="1" ind2="0" tag="600">
<subfield code="a">Sturz, Elizabeth Lyttleton</subfield>
<subfield code="v">Correspondence.</subfield>
</datafield>
<datafield ind1="1" ind2="0" tag="600">
<subfield code="a">Thomas, Jean,</subfield>
<subfield code="d">1881-1982</subfield>
<subfield code="v">Correspondence.</subfield>
</datafield>
<datafield ind1="1" ind2="0" tag="600">
<subfield code="a">Walton, Ivan</subfield>
<subfield code="v">Correspondence.</subfield>
</datafield>
<datafield ind1="1" ind2="0" tag="600">
<subfield code="a">Waters, Edward N.</subfield>
<subfield code="q">(Edward Neighbor),</subfield>
<subfield code="d">1906-1991</subfield>
<subfield code="v">Correspondence.</subfield>
</datafield>
<datafield ind1="1" ind2="0" tag="600">
<subfield code="a">Weeks, Edward,</subfield>
<subfield code="d">1898-1989</subfield>
<subfield code="v">Correspondence.</subfield>
</datafield>
<datafield ind1="1" ind2="0" tag="600">
<subfield code="a">Wendell, Barrett,</subfield>
<subfield code="d">1855-1921</subfield>
<subfield code="v">Correspondence.</subfield>
</datafield>
<datafield ind1="1" ind2="0" tag="600">
<subfield code="a">Wiesner, Jerome B.</subfield>
<subfield code="q">(Jerome Bert),</subfield>
<subfield code="d">1915-1994</subfield>
<subfield code="v">Correspondence.</subfield>
</datafield>
<datafield ind1="1" ind2="0" tag="600">
<subfield code="a">Wilson, Rosa Warren</subfield>
<subfield code="v">Correspondence.</subfield>
</datafield>
<datafield ind1="1" ind2="0" tag="600">
<subfield code="a">Wheeler, Mary,</subfield>
<subfield code="d">1892-1979</subfield>
<subfield code="v">Correspondence.</subfield>
</datafield>
<datafield ind1="1" ind2="0" tag="600">
<subfield code="a">White, Clarence Cameron,</subfield>
<subfield code="d">1880-1960</subfield>
<subfield code="v">Correspondence.</subfield>
</datafield>
<datafield ind1="1" ind2="0" tag="600">
<subfield code="a">Young, Kimball,</subfield>
<subfield code="d">1893-1972</subfield>
<subfield code="v">Correspondence.</subfield>
</datafield>
<datafield ind1="1" ind2="0" tag="600">
<subfield code="a">Zanzig, Augustus D.</subfield>
<subfield code="q">(Augustus Delafield)</subfield>
<subfield code="v">Correspondence.</subfield>
</datafield>
<datafield ind1="2" ind2="0" tag="610">
<subfield code="a">Archive of American Folk Song.</subfield>
</datafield>
<datafield ind1="1" ind2="0" tag="610">
<subfield code="a">United States.</subfield>
<subfield code="b">Works Progress Administration</subfield>
<subfield code="v">Correspondence.</subfield>
</datafield>
<datafield ind1=" " ind2="0" tag="650">
<subfield code="a">Folklorists</subfield>
<subfield code="z">United States</subfield>
<subfield code="x">Correspondence.</subfield>
</datafield>
<datafield ind1=" " ind2="0" tag="650">
<subfield code="a">Folk music</subfield>
<subfield code="z">United States.</subfield>
</datafield>
<datafield ind1=" " ind2="0" tag="650">
<subfield code="a">Folk songs, English</subfield>
<subfield code="z">United States.</subfield>
</datafield>
<datafield ind1=" " ind2="7" tag="655">
<subfield code="a">Correspondence.</subfield>
<subfield code="2">aat</subfield>
</datafield>
<datafield ind1=" " ind2="7" tag="655">
<subfield code="a">Manuscripts.</subfield>
<subfield code="2">aat</subfield>
</datafield>
<datafield ind1=" " ind2="7" tag="655">
<subfield code="a">Maps.</subfield>
<subfield code="2">aat</subfield>
</datafield>
<datafield ind1="1" ind2=" " tag="700">
<subfield code="a">Lomax, Alan,</subfield>
<subfield code="d">1915-2002.</subfield>
</datafield>
<datafield ind1="1" ind2=" " tag="700">
<subfield code="a">Lomax, John A.</subfield>
<subfield code="q">(John Avery),</subfield>
<subfield code="d">1867-1948.</subfield>
</datafield>
<datafield ind1="2" ind2=" " tag="710">
<subfield code="a">Library of Congress.</subfield>
<subfield code="b">Music Division.</subfield>
</datafield>
<datafield ind1="2" ind2=" " tag="710">
<subfield code="a">Archive of American Folk Song,</subfield>
<subfield code="e">collector.</subfield>
</datafield>
<datafield ind1=" " ind2=" " tag="852">
<subfield code="a">Library of Congress</subfield>
<subfield code="b">Archive of Folk Culture, American Folklife Center,</subfield>
<subfield code="e">
101 Independence Ave. S.E., Washington, DC USA 20540-4610
</subfield>
<subfield code="u">http://hdl.loc.gov/loc.afc/folklife.home</subfield>
</datafield>
<datafield ind1="4" ind2="1" tag="856">
<subfield code="3">Online presentation</subfield>
<subfield code="u">http://hdl.loc.gov/loc.afc/collafc.afc1933001</subfield>
</datafield>
<datafield ind1="4" ind2="2" tag="856">
<subfield code="3">Finding aid</subfield>
<subfield code="u">http://hdl.loc.gov/loc.afc/eadafc.af014004</subfield>
</datafield>
<datafield ind1=" " ind2=" " tag="985">
<subfield code="a">afc/ead</subfield>
</datafield>
<datafield ind1=" " ind2=" " tag="985">
<subfield code="a">afc/coll</subfield>
</datafield>
</record>
</collection>